%YAML 1.1
%TAG !u! tag:unity3d.com,2011:
--- !u!1 &1432222963297321461
GameObject:
  m_ObjectHideFlags: 0
  m_CorrespondingSourceObject: {fileID: 0}
  m_PrefabInstance: {fileID: 0}
  m_PrefabAsset: {fileID: 0}
  serializedVersion: 6
  m_Component:
  - component: {fileID: 1432222963297321460}
  - component: {fileID: 7085984808693474080}
  - component: {fileID: 265936028}
  - component: {fileID: 6429644242881853691}
  m_Layer: 10
  m_Name: Teleporter
  m_TagString: Teleporter
  m_Icon: {fileID: 0}
  m_NavMeshLayer: 0
  m_StaticEditorFlags: 0
  m_IsActive: 1
--- !u!4 &1432222963297321460
Transform:
  m_ObjectHideFlags: 0
  m_CorrespondingSourceObject: {fileID: 0}
  m_PrefabInstance: {fileID: 0}
  m_PrefabAsset: {fileID: 0}
  m_GameObject: {fileID: 1432222963297321461}
  m_LocalRotation: {x: 0, y: 0, z: 0, w: 1}
  m_LocalPosition: {x: 0, y: 0, z: 0}
  m_LocalScale: {x: 1, y: 1, z: 1}
  m_Children:
  - {fileID: 7717094660523676591}
  m_Father: {fileID: 0}
  m_RootOrder: 0
  m_LocalEulerAnglesHint: {x: 0, y: 0, z: 0}
--- !u!54 &7085984808693474080
Rigidbody:
  m_ObjectHideFlags: 0
  m_CorrespondingSourceObject: {fileID: 0}
  m_PrefabInstance: {fileID: 0}
  m_PrefabAsset: {fileID: 0}
  m_GameObject: {fileID: 1432222963297321461}
  serializedVersion: 2
  m_Mass: 1
  m_Drag: 0
  m_AngularDrag: 0.05
  m_UseGravity: 1
  m_IsKinematic: 0
  m_Interpolate: 0
  m_Constraints: 8
  m_CollisionDetection: 3
--- !u!65 &265936028
BoxCollider:
  m_ObjectHideFlags: 0
  m_CorrespondingSourceObject: {fileID: 0}
  m_PrefabInstance: {fileID: 0}
  m_PrefabAsset: {fileID: 0}
  m_GameObject: {fileID: 1432222963297321461}
  m_Material: {fileID: 0}
  m_IsTrigger: 0
  m_Enabled: 1
  serializedVersion: 2
  m_Size: {x: 0.2, y: 0.2, z: 0.2}
  m_Center: {x: 0, y: 0, z: 0}
--- !u!114 &6429644242881853691
MonoBehaviour:
  m_ObjectHideFlags: 0
  m_CorrespondingSourceObject: {fileID: 0}
  m_PrefabInstance: {fileID: 0}
  m_PrefabAsset: {fileID: 0}
  m_GameObject: {fileID: 1432222963297321461}
  m_Enabled: 1
  m_EditorHideFlags: 0
  m_Script: {fileID: 11500000, guid: 15f880fc2b91e5d499b5f1f5b3ae1da6, type: 3}
  m_Name: 
  m_EditorClassIdentifier: 
  ThrowForce: 500
--- !u!1001 &3342256389610961077
PrefabInstance:
  m_ObjectHideFlags: 0
  serializedVersion: 2
  m_Modification:
    m_TransformParent: {fileID: 1432222963297321460}
    m_Modifications:
    - target: {fileID: -927199367670048503, guid: 5d2a1cc06f4d26343952808285aaf77f,
        type: 3}
      propertyPath: m_Name
      value: TeleporterMesh
      objectReference: {fileID: 0}
    - target: {fileID: -4216859302048453862, guid: 5d2a1cc06f4d26343952808285aaf77f,
        type: 3}
      propertyPath: m_LocalPosition.x
      value: -0
      objectReference: {fileID: 0}
    - target: {fileID: -4216859302048453862, guid: 5d2a1cc06f4d26343952808285aaf77f,
        type: 3}
      propertyPath: m_LocalPosition.y
      value: -0.0006
      objectReference: {fileID: 0}
    - target: {fileID: -4216859302048453862, guid: 5d2a1cc06f4d26343952808285aaf77f,
        type: 3}
      propertyPath: m_LocalPosition.z
      value: 0
      objectReference: {fileID: 0}
    - target: {fileID: -4216859302048453862, guid: 5d2a1cc06f4d26343952808285aaf77f,
        type: 3}
      propertyPath: m_LocalRotation.x
      value: 0
      objectReference: {fileID: 0}
    - target: {fileID: -4216859302048453862, guid: 5d2a1cc06f4d26343952808285aaf77f,
        type: 3}
      propertyPath: m_LocalRotation.y
      value: -0
      objectReference: {fileID: 0}
    - target: {fileID: -4216859302048453862, guid: 5d2a1cc06f4d26343952808285aaf77f,
        type: 3}
      propertyPath: m_LocalRotation.z
      value: -0
      objectReference: {fileID: 0}
    - target: {fileID: -4216859302048453862, guid: 5d2a1cc06f4d26343952808285aaf77f,
        type: 3}
      propertyPath: m_LocalRotation.w
      value: 1
      objectReference: {fileID: 0}
    - target: {fileID: -4216859302048453862, guid: 5d2a1cc06f4d26343952808285aaf77f,
        type: 3}
      propertyPath: m_RootOrder
      value: 0
      objectReference: {fileID: 0}
    - target: {fileID: -4216859302048453862, guid: 5d2a1cc06f4d26343952808285aaf77f,
        type: 3}
      propertyPath: m_LocalEulerAnglesHint.x
      value: 0
      objectReference: {fileID: 0}
    - target: {fileID: -4216859302048453862, guid: 5d2a1cc06f4d26343952808285aaf77f,
        type: 3}
      propertyPath: m_LocalEulerAnglesHint.y
      value: 0
      objectReference: {fileID: 0}
    - target: {fileID: -4216859302048453862, guid: 5d2a1cc06f4d26343952808285aaf77f,
        type: 3}
      propertyPath: m_LocalEulerAnglesHint.z
      value: 0
      objectReference: {fileID: 0}
    - target: {fileID: -1504981713932161579, guid: 5d2a1cc06f4d26343952808285aaf77f,
        type: 3}
      propertyPath: m_Materials.Array.data[0]
      value: 
      objectReference: {fileID: 2100000, guid: fff9ffc096623d14dba17d9171bdc03f, type: 2}
    - target: {fileID: -1504981713932161579, guid: 5d2a1cc06f4d26343952808285aaf77f,
        type: 3}
      propertyPath: m_LightProbeUsage
      value: 0
      objectReference: {fileID: 0}
    - target: {fileID: -1504981713932161579, guid: 5d2a1cc06f4d26343952808285aaf77f,
        type: 3}
      propertyPath: m_ReflectionProbeUsage
      value: 0
      objectReference: {fileID: 0}
    m_RemovedComponents: []
  m_SourcePrefab: {fileID: 100100000, guid: 5d2a1cc06f4d26343952808285aaf77f, type: 3}
--- !u!4 &7717094660523676591 stripped
Transform:
  m_CorrespondingSourceObject: {fileID: -4216859302048453862, guid: 5d2a1cc06f4d26343952808285aaf77f,
    type: 3}
  m_PrefabInstance: {fileID: 3342256389610961077}
  m_PrefabAsset: {fileID: 0}
